@misc{number_of_wins,
    url="https://www.quora.com/What-is-the-number-of-possible-ways-to-win-a-3*3-game-of-tic-tac-toe",
    title = "What is the number of possible ways to win a 3*3 game of tic-tac-toe",
}
@misc{first_ann,
    url="https://medium.com/swlh/tic-tac-toe-and-deep-neural-networks-ea600bc53f51",
    title = "Tic-Tac-Toe and Reinforcement Learning",
}